@article{amrError,
  title={A posteriori error estimation and adaptive mesh-refinement techniques},
  author={Verf{\"u}rth, R{\"u}diger},
  journal={Journal of Computational and Applied Mathematics},
  volume={50},
  number={1-3},
  pages={67--83},
  year={1994},
  publisher={Elsevier}
}

@article{hang_easy,
  title={An easy treatment of hanging nodes in hp-finite elements},
  author={Di Stolfo, Paolo and Schr{\"o}der, Andreas and Zander, Nils and Kollmannsberger, Stefan},
  journal={Finite Elements in Analysis and Design},
  volume={121},
  pages={101--117},
  year={2016},
  publisher={Elsevier}
}

@techreport{specConv,
  title={Spectral elements methods: Theory and applications},
  author={Van de Vosse, FN and Minev, PD},
  year={1996},
  institution={EUT Report 96-W-001 ISBN 90-236-0318-5, Eindhoven University of Technology}
}

@techreport{flexiAlg,
  title={Toward Flexible Scalable Algebraic Multigrid Solvers.},
  author={Tuminaro, Raymond S and Boman, Erik G and Hu, Jonathan Joseph and Prokopenko, Andrey and Siefert, Christopher and Tsuji, Paul H and Gaidamour, Jeremie and Olson, Luke and Schroder, Jacob and Hiriyur, Badri and others},
  year={2013},
  institution={Sandia National Laboratories (SNL-CA), Livermore, CA (United States); Sandia National Laboratories, Albuquerque, NM}
}

@article{amg,
  title={A review of algebraic multigrid},
  author={St{\"u}ben, Klaus},
  journal={Journal of Computational and Applied Mathematics},
  volume={128},
  number={1},
  pages={281--309},
  year={2001},
  publisher={Elsevier}
}

@article{levelMulti,
  title={Adaptive Multilevel Methods with Local Smoothing for H\^{}1-and H\^{}curl-Conforming High Order Finite Element Methods},
  author={Janssen, B{\"a}rbel and Kanschat, Guido},
  journal={SIAM Journal on Scientific Computing},
  volume={33},
  number={4},
  pages={2095--2114},
  year={2011},
  publisher={SIAM}
}

@article{semTri,
  title={Spectral element methods on triangles and quadrilaterals: comparisons and applications},
  author={Pasquetti, Richard and Rapetti, Francesca},
  journal={Journal of Computational Physics},
  volume={198},
  number={1},
  pages={349--362},
  year={2004},
  publisher={Elsevier}
}

@article{multi_impl,
  title={A parallel geometric multigrid method for finite elements on octree meshes},
  author={Sampath, Rahul S and Biros, George},
  journal={SIAM Journal on Scientific Computing},
  volume={32},
  number={3},
  pages={1361--1392},
  year={2010},
  publisher={SIAM}
}

@book{specEff,
  title={High-order methods for incompressible fluid flow},
  author={Deville, Michel O and Fischer, Paul F and Mund, Ernest H},
  volume={9},
  year={2002},
  publisher={Cambridge university press}
}

@book{refine,
  title={Solving Poisson's equation using adaptive mesh refinement},
  author={Martin, David F and Cartwright, Kelley L},
  year={1996},
  publisher={Citeseer}
}

@INPROCEEDINGS{hexes,
    author = {Steven E. Benzley and Ernest Perry and Karl Merkley and Brett Clark and Greg Sjaardema},
    title = {A comparison of all hexagonal and all tetrahedral finite element meshes for elastic and elasto-plastic analysis},
    booktitle = {In Proceedings, 4th International Meshing Roundtable},
    year = {1995},
    pages = {179--191}
}

@misc{lapack,
		title = {{LAPACK} - {L}inear {A}lgebra {PACK}age},
		howpublished = {\url{http://www.netlib.org/lapack/}}
}

@article{expConv,
  title={Spectral methods},
  author={Schlatter, Philipp}
}

@Article{overlap_constant,
   Author="Luca F Pavarino",
   Title="{{A}dditive {S}chwarz methods for the p-version finite element method}",
   Journal="Numerische Mathematik",
   Year="1993",
   Volume="66",
   Number="1",
   Pages="493--515",
   Month="Dec"
}

@misc{gmsh,
		title = {{GMSH}},
		howpublished = {\url{http://gmsh.info/}}
}

@misc{banded,
  title={Gaussian elimination on a banded matrix},
  author={Thorson, Jeff},
  year={1982},
  publisher={Stanford University, Stanford, Calif, USA}
}

@article{fft,
  title={Accelerating the nonuniform fast Fourier transform},
  author={Greengard, Leslie and Lee, June-Yub},
  journal={SIAM review},
  volume={46},
  number={3},
  pages={443--454},
  year={2004},
  publisher={SIAM}
}

@inproceedings{multi_high,
  title={Efficient finite element geometric multigrid solvers for unstructured grids on GPUs},
  author={Geveler, Markus and Ribbrock, Dirk and G{\"o}ddeke, Dominik and Zajac, Peter and Turek, Stefan},
  booktitle={Second Int. Conf. on Parallel, Distributed, Grid and Cloud Computing for Engineering},
  pages={22},
  year={2011}
}

@article{fmm1,
  title={A new fast-multipole accelerated Poisson solver in two dimensions},
  author={Ethridge, Frank and Greengard, Leslie},
  journal={SIAM Journal on Scientific Computing},
  volume={23},
  number={3},
  pages={741--760},
  year={2001},
  publisher={SIAM}
}

@article{fmm2,
  title={A free-space adaptive FMM-based PDE solver in three dimensions},
  author={Langston, Harper and Greengard, Leslie and Zorin, Denis},
  journal={Communications in Applied Mathematics and Computational Science},
  volume={6},
  number={1},
  pages={79--122},
  year={2011},
  publisher={Mathematical Sciences Publishers}
}

@article{compa,
  title={FFT, FMM, or Multigrid? A comparative Study of State-Of-the-Art Poisson Solvers for Uniform and Nonuniform Grids in the Unit Cube},
  author={Gholami, Amir and Malhotra, Dhairya and Sundar, Hari and Biros, George},
  journal={SIAM Journal on Scientific Computing},
  volume={38},
  number={3},
  pages={C280--C306},
  year={2016},
  publisher={SIAM}
}


@article{gmshPaper,
  title={Gmsh: A 3-D finite element mesh generator with built-in pre-and post-processing facilities},
  author={Geuzaine, Christophe and Remacle, Jean-Fran{\c{c}}ois},
  journal={International journal for numerical methods in engineering},
  volume={79},
  number={11},
  pages={1309--1331},
  year={2009},
  publisher={Wiley Online Library}
}

@Article{gll_nodes,
author="Parter, Seymour V.",
title="On the Legendre--Gauss--Lobatto Points and Weights",
journal="Journal of Scientific Computing",
year="1999",
month="Dec",
day="01",
volume="14",
number="4",
pages="347--355",
issn="1573-7691",
doi="10.1023/A:1023204631825",
url="https://doi.org/10.1023/A:1023204631825"
}

@article {hang_treat,
author = {Fries, Thomas-Peter and Byfut, Andreas and Alizada, Alaskar and Cheng, Kwok Wah and Schr√∂der, Andreas},
title = {Hanging nodes and XFEM},
journal = {International Journal for Numerical Methods in Engineering},
volume = {86},
number = {4-5},
publisher = {John Wiley & Sons, Ltd.},
issn = {1097-0207},
url = {http://dx.doi.org/10.1002/nme.3024},
doi = {10.1002/nme.3024},
pages = {404--430},
keywords = {XFEM, refinement, hanging nodes, 1-irregular, interface},
year = {2011}
}

@book{hang_handle,
  title={Spectral and High Order Methods for Partial Differential Equations: Selected Papers from the ICOSAHOM'09 Conference, June 22-26, Trondheim, Norway},
  author={Hesthaven, Jan S and Ronquist, Einar M},
  volume={76},
  year={2010},
  publisher={Springer Science \& Business Media}
}




@book{fine_book,
 author = {Mathew, Tarek},
 title = {Domain Decomposition Methods for the Numerical Solution of Partial Differential Equations (Lecture Notes in Computational Science and Engineering)},
 year = {2008},
 isbn = {3540772057, 9783540772057},
 edition = {1},
 publisher = {Springer Publishing Company, Incorporated}
} 
@misc{conj_grad,
  title={An introduction to the conjugate gradient method without the agonizing pain},
  author={Shewchuk, Jonathan Richard and others},
  year={1994}
}

@article{remacle,
  title={GPU accelerated spectral finite elements on all-hex meshes},
  author={Remacle, J-F and Gandham, R and Warburton, Tim},
  journal={Journal of Computational Physics},
  volume={324},
  pages={246--257},
  year={2016},
  publisher={Elsevier}
}

@article{l2proj,
  title={Hierarchic multigrid iteration strategy for the discontinuous Galerkin solution of the steady Euler equations},
  author={Hillewaert, Koen and Chevaugeon, Nicolas and Geuzaine, Philippe and Remacle, Jean-Fran{\c{c}}ois},
  journal={International journal for numerical methods in fluids},
  volume={51},
  number={9-10},
  pages={1157--1176},
  year={2006},
  publisher={Wiley Online Library}
}

@book{multi_book,
  title={A multigrid tutorial},
  author={Briggs, William L and Henson, Van Emden and McCormick, Steve F},
  year={2000},
  publisher={SIAM}
}

@article{p4est,
  title={p4est: Scalable algorithms for parallel adaptive mesh refinement on forests of octrees},
  author={Burstedde, Carsten and Wilcox, Lucas C and Ghattas, Omar},
  journal={SIAM Journal on Scientific Computing},
  volume={33},
  number={3},
  pages={1103--1133},
  year={2011},
  publisher={SIAM}
}

@ARTICLE{p4est2,
  author = {Tobin Isaac and Carsten Burstedde and Lucas C. Wilcox and Omar Ghattas},
  title = {Recursive algorithms for distributed forests of octrees},
  journal = {SIAM Journal on Scientific Computing},
  volume = {37},
  number = {5},
  pages = {C497--C531},
  year = {2015},
  doi = {10.1137/140970963}
}

@article{condNumb,
  title={Evaluation of the condition number in linear systems arising in finite element approximations},
  author={Ern, Alexandre and Guermond, Jean-Luc},
  journal={ESAIM: Mathematical Modelling and Numerical Analysis},
  volume={40},
  number={1},
  pages={29--48},
  year={2006},
  publisher={EDP Sciences}
}

@book{smoothing,
  title={Multi-grid methods and applications},
  author={Hackbusch, Wolfgang},
  volume={4},
  year={2013},
  publisher={Springer Science \& Business Media}
}

@article{over_acc,
  title={Overlapping domain decomposition methods},
  author={Cai, X},
  journal={Advanced Topics in Computational Partial Differential Equations},
  pages={57--95},
  year={2003},
  publisher={Springer}
}


